<?xml version="1.0" encoding="UTF-8"?><record xmlns="http://www.loc.gov/MARC21/slim" xmlns:cinclude="http://apache.org/cocoon/include/1.0" xmlns:zs="http://www.loc.gov/zing/srw/">
  <leader>00328nz  a2200121n  4500</leader>
  <controlfield tag="001">nr 93013644 </controlfield>
  <controlfield tag="003">DLC</controlfield>
  <controlfield tag="005">19930415073912.6</controlfield>
  <controlfield tag="008">930413n| acannaab|          |n ana     c</controlfield>
  <datafield tag="010" ind1=" " ind2=" ">
    <subfield code="a">nr 93013644 </subfield>
  </datafield>
  <datafield tag="040" ind1=" " ind2=" ">
    <subfield code="a">NjP</subfield>
    <subfield code="c">NjP</subfield>
  </datafield>
  <datafield tag="110" ind1="2" ind2="0">
    <subfield code="a">Ensemble Oriol</subfield>
  </datafield>
  <datafield tag="670" ind1=" " ind2=" ">
    <subfield code="a">Herzogenberg, H. von. Die Geburt Christi [SR] p1990:</subfield>
    <subfield code="b">insert (Ensemble Oriol)</subfield>
  </datafield>
</record>